@misc{1,
     howpublished = "\url{http://www.berzsenyi.hu/~dcsonka/matek/Mandelbrot/Mandelbrot/fraktal.htm}"
}

@misc{2,
	howpublished = "\url{http://hu.wikipedia.org/wiki/Mandelbrot-halmaz}"
}

@misc{3,
	howpublished = "\url{http://en.wikipedia.org/wiki/Iterated_function_system}"
}

@misc{4,
	howpublished = "\url{http://hu.wikipedia.org/wiki/Frakt%C3%A1l}"
}

@misc{5,
	howpublished = "\url{http://hu.wikipedia.org/wiki/Hausdorff-dimenzi%C3%B3}"
}

@misc{6,
	howpublished = "\url{http://hu.wikipedia.org/wiki/Sierpinski-h%C3%A1romsz%C3%B6g}"
}

@misc{7,
	howpublished = "\url{http://hu.wikipedia.org/wiki/Affin_transzform%C3%A1ci%C3%B3}"
}

@misc{8,
	howpublished = "\url{http://hu.wikipedia.org/wiki/Transzform%C3%A1ci%C3%B3_(matematika)}"
}

@misc{9,
	howpublished = "\url{http://en.wikipedia.org/wiki/Minkowski%E2%80%93Bouligand_dimension}"
}

@misc{10,
	howpublished = "\url{http://hu.wikipedia.org/wiki/Genetikus_algoritmus}"
}